@article{lok05,
  author = {Larry Lok and Roger Brent},
  title =  {Automatic generation of cellular reaction networks with Moleculizer 1.0},
  journal = {Nature Biotechnology},
  year = {2005},
  month = {January},
  pages = {130-136},
  note = {},
  annote = {}
}

@article{hlavacek06,
  author = {William S. Hlavacek and James R. Faeder and Michael L. Blinov and Richard G. Posner and Michael Hucka and Walter Fontana},
  title =  {Rules for Modeling Singal-Transduction Systems},
  journal = {STKE},
  year = {2006},
  month = {July},
  note = {},
  annote = {}
}
                  
@article{Martin06,
  author = {Martin Meier-Schellersheim and Xuhua Xu and Bastian Agermann and Eric J. Kunkel and Tian Jin and Ronald N. Germain},
  title = {Rules for Modeling Singal-Transduction Systems},
  journal = {PLOS Computational Biology},
  year = {2006},
  month = {July},
  note = {},
  annote = {}
}
                  

@article{gillespie77,
  title={{Exact stochastic simulation of coupled chemical reactions}},
  author={Gillespie, D.T. and others},
  journal={The Journal of Physical Chemistry},
  volume={81},
  number={25},
  pages={2340--2361},
  year={1977},
  publisher={American Chemical Society}
}

