@Article{lok05,
  author = {Larry Lok and Roger Brent},
  title =  {Automatic generation of cellular reaction networks with Moleculizer 1.0 },
  journal = {Nature Biotechnology},
  year = {2005},
  volume = {1},
  number = {1},
  month = {January},
  pages = {130-136},
  note = {},
  annote = {}
}